<?xml version="1.0" encoding="UTF-8"?><record xmlns="http://www.loc.gov/MARC21/slim" xmlns:cinclude="http://apache.org/cocoon/include/1.0" xmlns:zs="http://www.loc.gov/zing/srw/">
  <leader>00400nz  a2200133n  4500</leader>
  <controlfield tag="001">no2011136622</controlfield>
  <controlfield tag="003">DLC</controlfield>
  <controlfield tag="005">20110902075251.0</controlfield>
  <controlfield tag="008">110831n| acannaabn          |n aaa     c</controlfield>
  <datafield tag="010" ind1=" " ind2=" ">
    <subfield code="a">no2011136622</subfield>
  </datafield>
  <datafield tag="035" ind1=" " ind2=" ">
    <subfield code="a">(OCoLC)oca08962894</subfield>
  </datafield>
  <datafield tag="040" ind1=" " ind2=" ">
    <subfield code="a">MoSW</subfield>
    <subfield code="b">eng</subfield>
    <subfield code="c">MoSW</subfield>
  </datafield>
  <datafield tag="100" ind1="1" ind2=" ">
    <subfield code="a">Sokolowski, Ilka</subfield>
  </datafield>
  <datafield tag="670" ind1=" " ind2=" ">
    <subfield code="a">Die heimliche Geliebte, c2009:</subfield>
    <subfield code="b">t.p. (Ilka Sokolowski) p. 416 (b. 1965; author of novels and non-fiction)</subfield>
  </datafield>
</record>